@ARTICLE {CLASS:1,
    author = "HÃ©lio Pedrini",
    title  = "Introduction to Digital Image Processing, Enhancement class",
    year   = "2019",
    pages  = "130-135"
}
